<?xml version="1.0" encoding="UTF-8"?>
<record xmlns="http://www.loc.gov/MARC21/slim">
   <leader>00838cam a22002175  4500</leader>
   <controlfield tag="001">2788150</controlfield>
   <controlfield tag="003">NjP</controlfield>
   <controlfield tag="005">20190710152751.0</controlfield>
   <controlfield tag="008">991121s1961    ir a          000 0 ara d</controlfield>
   <datafield tag="024" ind1="7" ind2=" ">
      <subfield code="a">princeton_aco004591</subfield>
      <subfield code="2">local</subfield>
   </datafield>
   <datafield ind1=" " ind2=" " tag="035">
      <subfield code="9">CNJ7187TS</subfield>
   </datafield>
   <datafield ind1=" " ind2=" " tag="040">
      <subfield code="a">PUL</subfield>
      <subfield code="c">PUL</subfield>
   </datafield>
   <datafield ind1="0" ind2=" " tag="041">
      <subfield code="a">araper</subfield>
   </datafield>
   <datafield ind1=" " ind2=" " tag="019">
      <subfield code="a">42866593</subfield>
      <subfield code="a">976633120</subfield>
   </datafield>
   <datafield ind1=" " ind2=" " tag="035">
      <subfield code="a">(OCoLC)ocm23496651</subfield>
      <subfield code="z">(OCoLC)ocm42866593</subfield>
      <subfield code="z">(OCoLC)ocn976633120</subfield>
   </datafield>
   <datafield ind1="1" ind2=" " tag="100">
      <subfield code="a">Kulaynī, Muḥammad ibn Yaʻqūb,</subfield>
      <subfield code="d">-941?</subfield>
      <subfield code="0">http://id.loc.gov/authorities/names/n80158377</subfield>
   </datafield>
   <datafield ind1="0" ind2="3" tag="245">
      <subfield code="a">al-Rawḍah min al-Kāfī ...</subfield>
      <subfield code="b">[maʻa al-sharḥ wa-al-tarjamah] bi-qalam Muḥammad Bāqir al-Kamaraʾī.</subfield>
   </datafield>
   <datafield ind1=" " ind2=" " tag="260">
      <subfield code="a">Tehran,</subfield>
      <subfield code="b">Maktabah al-Islāmīyah,</subfield>
      <subfield code="c">1381 [1961/2]</subfield>
   </datafield>
   <datafield ind1=" " ind2=" " tag="300">
      <subfield code="a">2 v.</subfield>
      <subfield code="b">illus.</subfield>
      <subfield code="c">25 cm.</subfield>
   </datafield>
   <datafield ind1=" " ind2=" " tag="546">
      <subfield code="a">In Arabic and Persian.</subfield>
   </datafield>
   <datafield ind1="1" ind2=" " tag="700">
      <subfield code="a">Kamaraʾī, Muḥammad Bāqir ibn Aḥmad,</subfield>
      <subfield code="d">1905 or 6-</subfield>
   </datafield>
   <datafield ind1=" " ind2=" " tag="945">
      <subfield code="a">F</subfield>
      <subfield code="b">1</subfield>
      <subfield code="c">2271.518.351.1961.2</subfield>
      <subfield code="e">v.1-2</subfield>
   </datafield>
   <datafield ind1=" " ind2=" " tag="911">
      <subfield code="a">20000130</subfield>
   </datafield>
   <datafield ind1="8" ind2="1" tag="852">
      <subfield code="0">3099114</subfield>
      <subfield code="b">rcppa</subfield>
      <subfield code="t">1</subfield>
      <subfield code="h">2271.518.351.1961.2</subfield>
      <subfield code="x">tr fr f</subfield>
   </datafield>
   <datafield ind1=" " ind2="0" tag="866">
      <subfield code="0">3099114</subfield>
      <subfield code="8">0</subfield>
      <subfield code="a">v.1-2</subfield>
   </datafield>
   <datafield ind1=" " ind2=" " tag="959">
      <subfield code="a">2003-03-20 15:19:08 -0500</subfield>
   </datafield>
</record>
